@misc{Georgiou+:arxiv:2024,
      title={Byzantine-Tolerant Consensus in {GPU}-Inspired Shared Memory}, 
      author={Chryssis Georgiou and Manaswini Piduguralla and Sathya Peri},
      year={2025},
      eprint={2503.12788},
      archivePrefix={arXiv},
      url={https://arxiv.org/abs/2503.12788}
}



@article{TURPIN198473,
title = {Extending binary Byzantine agreement to multivalued Byzantine agreement},
journal = {Information Processing Letters},
volume = {18},
number = {2},
pages = {73-76},
year = {1984},
issn = {0020-0190},
author = {Russell Turpin and Brian A. Coan},
keywords = {Byzantine generals, Byzantine agreement, fault tolerance in distributed systems},
abstract = {A binary Byzantine agreement algorithm can be extended to produce a multivalued Byzantine agreement algorithm. The resulting multivalued algorithm is cheaper than previously published algorithms when the cost of transmitting values from the multivalued domain is significant.}
}

@inproceedings{CKDISC2021,  
  author    = {Shir Cohen, Idit Keidar},  
  title     = {Tame the Wild with Byzantine Linearizability: Reliable Broadcast, Snapshots, and Asset Transfer},  
  booktitle = {DISC 2021},  
  year      = {2021},  
  pages     = {18:1--18:18}
}

@article{ByzGens,
author = {Lamport, Leslie and Shostak, Robert and Pease, Marshall},
title = {{The Byzantine Generals Problem}},
year = {1982},
issue_date = {July 1982},
publisher = {Association for Computing Machinery},
address = {New York, NY, USA},
volume = {4},
number = {3},
issn = {0164-0925},
journal = {ACM Trans. Program. Lang. Syst.},
month = {jul},
pages = {382–401},
numpages = {20}
}



@inproceedings{VCAS,
  author       = {Yuanhao Wei and
                  Naama Ben{-}David and
                  Guy E. Blelloch and
                  Panagiota Fatourou and
                  Eric Ruppert and
                  Yihan Sun},
  editor       = {Jaejin Lee and
                  Erez Petrank},
  title        = {{Constant-time snapshots with applications to concurrent data structures}},
  booktitle    = {PPoPP '21: 26th {ACM} {SIGPLAN} Symposium on Principles and Practice
                  of Parallel Programming, Virtual Event, Republic of Korea, February
                  27- March 3, 2021},
  pages        = {31--46},
  publisher    = {{ACM}},
  year         = {2021}
}

@article{FLP,
author = {Fischer, Michael J. and Lynch, Nancy A. and Paterson, Michael S.},
title = {{Impossibility of Distributed Consensus with one Faulty Process}},
year = {1985},
issue_date = {April 1985},
publisher = {Association for Computing Machinery},
address = {New York, NY, USA},
volume = {32},
number = {2},
issn = {0004-5411},
journal = {J. ACM},
month = {apr},
pages = {374–382},
numpages = {9}
}

@article{wong:SIGOPS:2008,
  title={{Towards Achieving Fairness in the Linux scheduler}},
  author={Wong, Chee Siang and Tan, Ian and Kumari, Rosalind Deena and Wey, Fun},
  journal={ACM SIGOPS Operating Systems Review},
  volume={42},
  number={5},
  pages={34--43},
  year={2008},
  publisher={ACM New York, NY, USA}
}


@inproceedings{Frey+:DISC:2023,  
  author    = {Davide Frey, Mathieu Gestin, Michel Raynal},  
  title     = {The Synchronization Power (Consensus Number) of Access-Control Objects: The Case of AllowList and DenyList},  
  booktitle = {DISC 2023},  
  year      = {2023},  
  pages     = {21:1--21:23}
}


@ARTICLE{Liu+:IEEETransactions:2019,
  author={Liu, Jian and Li, Wenting and Karame, Ghassan O. and Asokan, N.},
  journal={IEEE Transactions on Computers}, 
  title={Scalable Byzantine Consensus via Hardware-Assisted Secret Sharing}, 
  year={2019},
  volume={68},
  number={1},
  pages={139-151},
  keywords={Protocols;Silicon;Fault tolerance;Fault tolerant systems;Bitcoin;Blockchain;Byzantine fault-tolerance;state machine replication;distributed systems;trusted component}}

@Incollection{Ogier:book:2013,
  author    = {Ogier Maitre},
  title     = {Understanding NVIDIA GPGPU Hardware},
  booktitle = {Massively Parallel Evolutionary Computation on GPGPUs},
  year      = {2013},
  pages     = {15--34}
}

@article{Maurice:1991:ACMTrans,
author = {Herlihy, Maurice},
title = {Wait-free synchronization},
year = {1991},
issue_date = {Jan. 1991},
publisher = {Association for Computing Machinery},
address = {New York, NY, USA},
volume = {13},
number = {1},
issn = {0164-0925},
url = {https://doi.org/10.1145/114005.102808},
doi = {10.1145/114005.102808},
journal = {ACM Trans. Program. Lang. Syst.},
month = jan,
pages = {124–149},
numpages = {26},
keywords = {wait-free synchronization, linearization}
}


@article{pabla:linux:2009,
  title={{Completely fair scheduler}},
  author={Pabla, Chandandeep Singh},
  journal={Linux Journal},
  volume={2009},
  number={184},
  pages={4},
  year={2009},
  publisher={Belltown Media Houston, TX}
}


@book{kshemkalyani:book:2011,
  title={Distributed Computing: Principles, Algorithms, and Systems},
  author={Kshemkalyani, Ajay D. and Singhal, Mukesh},
  year={2011},
  publisher={Cambridge University Press},
  edition={1st},
  isbn={9780521189842}
}


@Inbook{Jeon:springer:2025,
author="Jeon, Hyeran",
editor="Chattopadhyay, Anupam",
title="GPU Architecture",
bookTitle="Handbook of Computer Architecture",
year="2025",
publisher="Springer Nature Singapore",
pages="531--559",
isbn="978-981-97-9314-3"
}


@manual{NVIDIA:2024,
  author    = {NVIDIA Corporation},
  title     = {{CUDA C++ Programming Guide}},
  year      = {2024}, 
  url       = {https://docs.nvidia.com/cuda/cuda-c-programming-guide/},
  note      = {Accessed: 2025-03-12}
}



@inproceedings{Weaver+:SC24:2024,  
   author    = {Alex Weaver and Krishna Kavi and Dejan Milojicic and Rolando Pablo Hong Enriquez and Ninad Hogade and Alok Mishra and Gayatri Mehta},  
title     = {Granularity- and Interference-Aware GPU Sharing with MPS},  
  booktitle = {SC24-W: Workshops of SC24},  
  year      = {2024},  
  pages     = {1630-1637}
}


@article{Herlihy+:JoA:1990,
title = {{Fast randomized consensus using shared memory}},
journal = {Journal of Algorithms},
volume = {11},
number = {3},
pages = {441-461},
year = {1990},
issn = {0196-6774},
author = {James Aspnes and Maurice Herlihy}
}

@inproceedings{KMPOPODIS2023,  
  author    = {Vincent Kowalski, Achour Most{\'{e}}faoui, Matthieu Perrin},  
  title     = {Atomic Register Abstractions for Byzantine-Prone Distributed Systems},  
  booktitle = {OPODIS 2023},  
  year      = {2023}
}


@ARTICLE{Bessani+:TPDS:2009,
  author={Bessani, Alysson Neves and Correia, Miguel and da Silva Fraga, Joni and Cheuk Lung, Lau},
  journal={IEEE Transactions on Parallel and Distributed Systems}, 
  title={Sharing Memory between Byzantine Processes Using Policy-Enforced Tuple Spaces}, 
  year={2009},
  volume={20},
  number={3},
  pages={419-432}}


@book{nextgenarch,
author = {Smruti R. Sarangi},
title = {{Next-Gen Computer Architecture}},
year = {Oct. 2023},
edition = {1st edition},
publisher={White Falcon},
isbn={8119510143} }
%10.1007/s00446-005-0125-8

@article{Malkhi+:DC:2003,
author = {Malkhi, Dahlia and Merritt, Michael and Reiter, Michael K. and Taubenfeld, Gadi},
title = {{Objects shared by Byzantine processes}},
year = {2003},
issue_date = {February 2003},
publisher = {Springer-Verlag},
address = {Berlin, Heidelberg},
volume = {16},
number = {1},
issn = {0178-2770},
journal = {Distrib. Comput.},
month = {feb},
pages = {37–48},
numpages = {12},
keywords = {Byzantine faults, consensus, emulation, shared memory}
}


@article{10.1007/s00446-005-0125-8,
author = {Alon, Noga and Merritt, Michael and Reingold, Omer and Taubenfeld, Gadi and Wright, Rebecca N.},
title = {{Tight bounds for shared memory systems accessed by Byzantine processes}},
year = {2005},
issue_date = {December 2005},
publisher = {Springer-Verlag},
address = {Berlin, Heidelberg},
volume = {18},
number = {2},
issn = {0178-2770},
journal = {Distrib. Comput.},
month = {dec},
pages = {99–109},
numpages = {11},
keywords = {Byzantine agreement, distributed consensus, shared memory, sticky bits}
}

@inproceedings{DBLP:conf/stoc/BorowskyG93,
  author       = {Elizabeth Borowsky and
                  Eli Gafni},
  title        = {{Generalized {FLP} impossibility result for t-resilient asynchronous
                  computations}},
  booktitle    = {{ACM} Symposium on Theory of Computing},
  pages        = {91--100},
  publisher    = {{ACM}},
  year         = {1993}
}




@article{HW1990,
  author       = {Maurice Herlihy and
                  Jeannette M. Wing},
  title        = {{Linearizability: {A} Correctness Condition for Concurrent Objects}},
  journal      = {{ACM} Trans. Program. Lang. Syst.},
  volume       = {12},
  number       = {3},
  pages        = {463--492},
  year         = {1990},
  timestamp    = {Wed, 14 Nov 2018 10:30:40 +0100}
}

@misc{Nakamoto:Bitcoin:2009,
    title = {{Bitcoin: A Peer-to-Peer Electronic Cash System}},
    author = {Satoshi Nakamoto},
    year = {2008},
    howpublished = {\url{https://bitcoin.org/bitcoin.pdf}},
}

@techreport{kowalski+:HAL:2023,
  title={{Atomic Register Abstractions for Byzantine-Prone Distributed Systems, Extended Version}},
  author={Vincent Kowalski and Achour Mostéfaoui and Matthieu Perrin},
  year={2023},
  institution={HAL},
  number={ffhal-04213718f},
  note={Extended Version},
  url={https://hal.archives-ouvertes.fr/hal-04213718f},
}

@article{abraham2006byzantine,
  title={{Byzantine Disk Paxos: Optimal Resilience with Byzantine Shared Memory}},
  author={Ittai Abraham and Gregory Chockler and Idit Keidar and Dahlia Malkhi},
  journal={Distributed Computing},
  volume={18},
  number={5},
  year={2006},
  pages={387--408}
}
@article{afek1995computing,
  title={{Computing with Faulty Shared Objects}},
  author={Yehuda Afek and David S Greenberg and Michael Merritt and Gadi Taubenfeld},
  journal={Journal of the ACM (JACM)},
  volume={42},
  number={6},
  year={1995},
  pages={1231--1274}
}

@article{jayanti1998fault,
  title={{Fault-Tolerant Wait-Free Shared Objects}},
  author={Prasad Jayanti and Tushar Deepak Chandra and Sam Toueg},
  journal={Journal of the ACM (JACM)},
  volume={45},
  number={3},
  year={1998},
  pages={451--500}
}

@inproceedings{martin2002minimal,
  title={{Minimal Byzantine Storage}},
  author={Jean-Philippe Martin and Lorenzo Alvisi and Michael Dahlin},
  booktitle={International Symposium on Distributed Computing},
  year={2002},
  pages={311--325}
}

@techreport{rodrigues2003rosebud,
  title={{Rosebud: A Scalable Byzantine-Fault-Tolerant Storage Architecture}},
  author={Rodrigo Rodrigues and Barbara Liskov},
  year={2003}
}



@book{Cook:cuda:2013,
  title = {CUDA Programming},
  editor = {Shane Cook},
  publisher = {Morgan Kaufmann},
  address = {Boston},
  year = {2013},
  series = {Applications of GPU Computing Series},
  isbn = {978-0-12-415933-4}}


@inproceedings {castro+:OsDI:1999,
author = {Miguel Castro and Barbara Liskov},
title = {Practical Byzantine Fault Tolerance},
booktitle = {3rd Symposium on Operating Systems Design and Implementation (OSDI 99)},
year = {1999},
address = {New Orleans, LA},
publisher = {USENIX Association},
month = feb
}

@inproceedings{gilad+:SOSP:2017,
  title={{Algorand: Scaling byzantine agreements for cryptocurrencies}},
  author={Gilad, Yossi and Hemo, Rotem and Micali, Silvio and Vlachos, Georgios and Zeldovich, Nickolai},
  booktitle={26th SOSP},
  pages={51--68},
  year={2017}
}


@inproceedings{Attie:ETAPS:2023,
  author       = {Paul C. Attie and
                  William Cocke},
  editor       = {Orna Kupferman and
                  Pawel Sobocinski},
  title        = {Model and Program Repair via Group Actions},
  booktitle    = {Foundations of Software Science and Computation Structures - 26th
                  International Conference, FoSSaCS 2023, Held as Part of the European
                  Joint Conferences on Theory and Practice of Software, {ETAPS} 2023,
                  Paris, France, April 22-27, 2023, Proceedings},
  series       = {Lecture Notes in Computer Science},
  volume       = {13992},
  pages        = {520--540},
  publisher    = {Springer},
  year         = {2023}
}

@inproceedings{miller:SIGSAC:2016,
  title={{The honey badger of BFT protocols}},
  author={Miller, Andrew and Xia, Yu and Croman, Kyle and Shi, Elaine and Song, Dawn},
  booktitle={Proceedings of the 2016 ACM SIGSAC conference on computer and communications security},
  pages={31--42},
  year={2016}
}

@article{attie:IPL:2002,
title = {{Wait-free Byzantine consensus}},
journal = {Information Processing Letters},
volume = {83},
number = {4},
pages = {221-227},
year = {2002},
issn = {0020-0190},
author = {Paul Attie},
keywords = {Distributed computing, Fault tolerance, Wait-freedom}
}

@incollection{HerNir:AMP:Book:2012,
	title={{The Art of Multiprocessor Programming}},
	author={Herlihy, Maurice and Shavit, Nir},
	publisher={Morgan Kaufmann Publishers Inc.},
	address={San Francisco, CA, USA},
	year={2012},
	edition={1st},
	isbn={9780123973375}
}

@article{Herlihy:TPLS:1991,
author = {Herlihy, Maurice},
title = {{Wait-free synchronization}},
year = {1991},
issue_date = {Jan. 1991},
publisher = {Association for Computing Machinery},
address = {New York, NY, USA},
volume = {13},
number = {1},
issn = {0164-0925},
journal = {ACM Trans. Program. Lang. Syst.},
month = {jan},
pages = {124–149},
numpages = {26},
keywords = {wait-free synchronization, linearization}
}

@INPROCEEDINGS{Huang+:SDC-HPC:SC:2022,
	author={Huang, Yafan and Guo, Shengjian and Di, Sheng and Li, Guanpeng and Cappello, Franck},
	booktitle={SC22}, 
	title={{Mitigating Silent Data Corruptions in HPC Applications across Multiple Program Inputs}}, 
	year={2022},
	volume={},
	number={},
	pages={1-14}
}

@article{CiniYalcin:GPU-CPU:ACMSurvey:2020,
	author = {Cini, Nevin and Yalcin, Gulay},
	title = {{A Methodology for Comparing the Reliability of GPU-Based and CPU-Based HPCs}},
	year = {2020},
	issue_date = {January 2021},
	publisher = {Association for Computing Machinery},
	address = {New York, NY, USA},
	volume = {53},
	number = {1},
	issn = {0360-0300},
	journal = {ACM Comput. Surv.},
	month = {feb},
	articleno = {22},
	numpages = {33},
	keywords = {System failure, checkpoint/recovery, log file analysis}
}


@book{Ansorge:CUDAProg:CUP:2022, 
    place={Cambridge}, 
    title={Programming in Parallel with CUDA: A Practical Guide}, 
    publisher={Cambridge University Press}, 
    author={Ansorge, Richard}, 
    year={2022}
} 

@inproceedings{Olmedo+:RTAS:IEEE:2020,  
  author    = {Ignacio Sañudo Olmedo and Nicola Capodieci and Jorge Luis Martinez and Andrea Marongiu and Marko Bertogna},  
  title     = {Dissecting the CUDA Scheduling Hierarchy: A Performance and Predictability Perspective},  
  booktitle = {IEEE RTAS 2020},  
  year      = {2020},  
  pages     = {213-225}
}


@incollection{david+:PMPP:science:2017,
  title     = {Chapter 4 - Memory and data locality},
  booktitle = {Programming Massively Parallel Processors (Third Edition)},
  pages     = {71--101},
  year      = {2017},
  author    = {David B. Kirk and Wen-mei W. Hwu}
}




@article{hu+:DC:2024,
  author       = {Xing Hu and
                  Sam Toueg},
  title        = {On implementing {SWMR} registers from {SWSR} registers in systems
                  with Byzantine failures},
  journal      = {CoRR},
  volume       = {abs/2207.01470},
  year         = {2022},
  eprinttype    = {arXiv},
  eprint       = {2207.01470},
  timestamp    = {Wed, 06 Jul 2022 15:50:43 +0200}
}

@misc{Worm:Wiki:2024,
  author       = "{Wikipedia contributors}",
  title        = "{WORM: Write Once Read Many}",
  year         = "2024",
  howpublished = "\url{https://en.wikipedia.org/wiki/Write_once_read_many}",
  accessed= "2024-10-31"
}




@misc{worm:techtarget:2022,
  author = {Robert Sheldon},
  title = {WORM (write once, read many)},
  year = {2022},
  url = {https://www.techtarget.com/searchstorage/definition/WORM-write-once-read-many},
  note = {Accessed: 2024-07-18}
}
